@article{greenwade93,
    author  = "George D. Greenwade",
    title   = "The {C}omprehensive {T}ex {A}rchive {N}etwork ({CTAN})",
    year    = "1993",
    journal = "TUGBoat",
    volume  = "14",
    number  = "3",
    pages   = "342--351"
}

@book{Cormen,
 author = "Cormen, Thomas H. and Stein, Clifford and Rivest, Ronald L. and Leiserson, Charles E.",
 title = "Introduction to Algorithms",
 year = "2001",
 isbn = "0070131511",
 edition = "2nd",
 publisher = "McGraw-Hill Higher Education"
} 
